@article{edmonds1971matroids,
  title={Matroids and the greedy algorithm},
  author={Edmonds, Jack},
  journal={Mathematical programming},
  volume={1},
  pages={127--136},
  year={1971},
  publisher={Springer}
}
