@article{panteleev2021degenerate,
  title={Degenerate quantum LDPC codes with good finite length performance},
  author={Panteleev, Pavel and Kalachev, Gleb},
  journal={Quantum},
  volume={5},
  pages={585},
  year={2021},
  publisher={Verein zur F{\"o}rderung des Open Access Publizierens in den Quantenwissenschaften}
}

@article{sipser1996expander,
  title={Expander codes},
  author={Sipser, Michael and Spielman, Daniel A},
  journal={IEEE transactions on Information Theory},
  volume={42},
  number={6},
  pages={1710--1722},
  year={1996},
  publisher={IEEE}
}


@inproceedings{evra2020decodable,
  title={Decodable quantum LDPC codes beyond the square root distance barrier using high dimensional expanders},
  author={Evra, Shai and Kaufman, Tali and Zemor, Gilles},
  booktitle={2020 IEEE 61st Annual Symposium on Foundations of Computer Science (FOCS)},
  pages={218--227},
  year={2020},
  organization={IEEE}
}

@article{tillich2013quantum,
  title={Quantum LDPC codes with positive rate and minimum distance proportional to the square root of the blocklength},
  author={Tillich, Jean-Pierre and Z{\'e}mor, Gilles},
  journal={IEEE Transactions on Information Theory},
  volume={60},
  number={2},
  pages={1193--1202},
  year={2013},
  publisher={IEEE}
}


@article{gallager1962low,
  title={Low-density parity-check codes},
  author={Gallager, Robert},
  journal={IRE Transactions on information theory},
  volume={8},
  number={1},
  pages={21--28},
  year={1962},
  publisher={IEEE}
}

@article{mackay1999good,
  title={Good error-correcting codes based on very sparse matrices},
  author={MacKay, David JC},
  journal={IEEE transactions on Information Theory},
  volume={45},
  number={2},
  pages={399--431},
  year={1999},
  publisher={IEEE}
}

@article{gottesman2013fault,
  title={Fault-tolerant quantum computation with constant overhead},
  author={Gottesman, Daniel},
  journal={arXiv preprint arXiv:1310.2984},
  year={2013}
}


@article{londe2017golden,
  title={Golden codes: quantum LDPC codes built from regular tessellations of hyperbolic 4-manifolds},
  author={Londe, Vivien and Leverrier, Anthony},
  journal={arXiv preprint arXiv:1712.08578},
  year={2017}
}

@article{guth2014quantum,
  title={Quantum error correcting codes and 4-di  mensional arithmetic hyperbolic manifolds},
  author={Guth, Larry and Lubotzky, Alexander},
  journal={Journal of Mathematical Physics},
  volume={55},
  number={8},
  pages={082202},
  year={2014},
  publisher={American Institute of Physics}
}


@article{hastings2016quantum,
  title={Quantum codes from high-dimensional manifolds},
  author={Hastings, Matthew B},
  journal={arXiv preprint arXiv:1608.05089},
  year={2016}
}

@article{fetaya2011homological,
  title={Homological error correcting codes and systolic geometry},
  author={Fetaya, Ethan},
  journal={arXiv preprint arXiv:1108.2886},
  year={2011}
}

@article{freedman2002z2,
  title={Z2-systolic freedom and quantum codes},
  author={Freedman, Michael H and Meyer, David A and Luo, Feng},
  journal={Mathematics of quantum computation, Chapman \& Hall/CRC},
  pages={287--320},
  year={2002}
}

@phdthesis{breuckmann2017homological,
  title={Homological quantum codes beyond the toric code},
  author={Breuckmann, Nikolas P},
  year={2017},
  school={RWTH Aachen University}
}

@inproceedings{hastings2021fiber,
  title={Fiber bundle codes: breaking the n 1/2 polylog (n) barrier for Quantum LDPC codes},
  author={Hastings, Matthew B and Haah, Jeongwan and O'Donnell, Ryan},
  booktitle={Proceedings of the 53rd Annual ACM SIGACT Symposium on Theory of Computing},
  pages={1276--1288},
  year={2021}
}

@inproceedings{bravyi2014homological,
  title={Homological product codes},
  author={Bravyi, Sergey and Hastings, Matthew B},
  booktitle={Proceedings of the forty-sixth annual ACM symposium on Theory of computing},
  pages={273--282},
  year={2014}
}

@article{delfosse2021union,
  title={Union-find decoders for homological product codes},
  author={Delfosse, Nicolas and Hastings, Matthew B},
  journal={Quantum},
  volume={5},
  pages={406},
  year={2021},
  publisher={Verein zur F{\"o}rderung des Open Access Publizierens in den Quantenwissenschaften}
}

@article{breuckmann2021quantum,
  title={Quantum low-density parity-check codes},
  author={Breuckmann, Nikolas P and Eberhardt, Jens Niklas},
  journal={PRX Quantum},
  volume={2},
  number={4},
  pages={040101},
  year={2021},
  publisher={APS}
}

@book{weibel1995introduction,
  title={An introduction to homological algebra},
  author={Weibel, Charles A},
  number={38},
  year={1995},
  publisher={Cambridge university press}
}

@book{hatcher2005algebraic,
  title={Algebraic topology},
  author={Hatcher, Allen},
  year={2005},
  publisher={Cambridge University Press}
}

@article{aharonov2013guest,
  title={Guest column: the quantum PCP conjecture},
  author={Aharonov, Dorit and Arad, Itai and Vidick, Thomas},
  journal={Acm sigact news},
  volume={44},
  number={2},
  pages={47--79},
  year={2013},
  publisher={ACM New York, NY, USA}
}


@inproceedings{kaufman2021new,
  title={New cosystolic expanders from tensors imply explicit Quantum LDPC codes with $\Omega$ ($\sqrt{n} log kn$) distance},
  author={Kaufman, Tali and Tessler, Ran J},
  booktitle={Proceedings of the 53rd Annual ACM SIGACT Symposium on Theory of Computing},
  pages={1317--1329},
  year={2021}
}

  
@article{freedman2013quantum,
  title={Quantum systems on non-$ k $-hyperfinite complexes: A generalization of classical statistical mechanics on expander graphs},
  author={Freedman, Michael H and Hastings, Matthew B},
  journal={arXiv preprint arXiv:1301.1363},
  year={2013}
}

@article{breuckmann2021balanced,
  title={Balanced product quantum codes},
  author={Breuckmann, Nikolas P and Eberhardt, Jens N},
  journal={IEEE Transactions on Information Theory},
  volume={67},
  number={10},
  pages={6653--6674},
  year={2021},
  publisher={IEEE}
}

