@misc {childs17,
author = {Andrew Childs},
title = {Lecture Notes on Quantum Algorithms},
year = {2017},
month = {May}
}

@article{batty2004quantum,
  title={Quantum algorithms in group theory},
  author={Batty, Michael and Braunstein, Samuel L and Duncan, Andrew J and Rees, Sarah},
  journal={Computational and Experimental Group Theory},
  year={2004},
  publisher={Newcastle University}
}

@inproceedings{watrous2001quantum,
  title={Quantum algorithms for solvable groups},
  author={Watrous, John},
  booktitle={Proceedings of the thirty-third annual ACM symposium on Theory of computing},
  pages={60--67},
  year={2001}
}

@book{aluffi2009algebra,
  title={Algebra: chapter 0},
  author={Aluffi, Paolo},
  volume={104},
  year={2009},
  publisher={American Mathematical Soc.}
}

@article{babai1995fast,
  title={Fast Monte Carlo algorithms for permutation groups},
  author={Babai, L{\'a}szl{\'o} and Cooperman, Gene and Finkelstein, Larry and Luks, Eugene and Seress, Akos},
  journal={Journal of Computer and System Sciences},
  volume={50},
  number={2},
  pages={296--308},
  year={1995},
  publisher={Elsevier}
}
